@inproceedings{ribeiro2016should,
  title={Why Should I Trust You?: Explaining the Predictions of Any Classifier},
  author={Ribeiro, Marco Tulio and Singh, Sameer and Guestrin, Carlos},
  booktitle={Proceedings of the 22nd ACM SIGKDD International Conference on Knowledge Discovery and Data Mining},
  pages={1135--1144},
  year={2016},
  organization={ACM}
}

@article{lei2016rationalizing,
  title={Rationalizing neural predictions},
  author={Lei, Tao and Barzilay, Regina and Jaakkola, Tommi},
  journal={arXiv preprint arXiv:1606.04155},
  year={2016}
}

@techreport{taylor2016alignment,
  title={Alignment for advanced machine learning systems},
  author={Taylor, Jessica and Yudkowsky, Eliezer and LaVictoire, Patrick and Critch, Andrew},
  year={2016},
  institution={Technical Report 20161, MIRI}
}

